%--- conferences --------------------------------------------------
@STRING{WDAG96 = "Proceedings of the 10th International Workshop
                  on Distributed Algorithms (WDAG'96)"}
@STRING{WDAG97 = "Proceedings of the 11th International Workshop
                  on Distributed Algorithms (WDAG'97)"}
@STRING{DISC98 = "Proceedings of the 12th International Conference
                  on Distributed Computing ({DISC}'98)"}
@STRING{DISC99 = "Proceedings of the 13th International Conference
                  on Distributed Computing ({DISC}'99)"}
@STRING{DISC98 = "Proceedings of the 13th International Conference
                  on Distributed Computing ({DISC}'98)"}
@STRING{DISC99 = "Proceedings of the 13th International Conference
                  on Distributed Computing ({DISC}'99)"}
@STRING{DISC00 = "Proceedings of the 14th International Conference
                  on Distributed Computing ({DISC}'00)"}
@STRING{DISC01 = "Proceedings of the 15th International Conference
                  on Distributed Computing ({DISC}'01)"}
@STRING{DISC02 = "Proceedings of the 16th International Conference
                  on Distributed Computing ({DISC}'02)"}
@STRING{DISC03 = "Proceedings of the 17th International Conference
                  on Distributed Computing ({DISC}'03)"}
@STRING{DISC04 = "Proceedings of the 18th International Conference
                  on Distributed Computing ({DISC}'04)"}
@STRING{DISC05 = "Proceedings of the 19th International Conference
                  on Distributed Computing ({DISC}'05)"}
@STRING{PODC83 = "Proceeding of the 1st Annual {ACM} Symposium on
                  Principles of Distributed Computing ({PODC}'83)"}
@STRING{PODC94 = "Proceeding of the 12th Annual {ACM} Symposium on
                  Principles of Distributed Computing ({PODC}'94)"}
@STRING{PODC95 = "Proceeding of the 13th Annual {ACM} Symposium on
                  Principles of Distributed Computing ({PODC}'95)"}
@STRING{PODC96 = "Proceeding of the 14th Annual {ACM} Symposium on
                  Principles of Distributed Computing ({PODC}'96)"}
@STRING{PODC97 = "Proceeding of the 15th Annual {ACM} Symposium on
                  Principles of Distributed Computing ({PODC}'97)"}
@STRING{PODC98 = "Proceeding of the 16th Annual {ACM} Symposium on
                  Principles of Distributed Computing ({PODC}'98)"}
@STRING{PODC99 = "Proceeding of the 17th Annual {ACM} Symposium on
                  Principles of Distributed Computing ({PODC}'99)"}
@STRING{PODC00 = "Proceeding of the 18th Annual {ACM} Symposium on
                  Principles of Distributed Computing ({PODC}'00)"}
@STRING{PODC01 = "Proceeding of the 19th Annual {ACM} Symposium on
                  Principles of Distributed Computing ({PODC}'01)"}
@STRING{PODC02 = "Proceeding of the 20th Annual {ACM} Symposium on
                  Principles of Distributed Computing ({PODC}'02)"}
@STRING{PODC03 = "Proceeding of the 21st Annual {ACM} Symposium on
                  Principles of Distributed Computing ({PODC}'03)"}
@STRING{PODC03 = "Proceeding of the 22nd Annual {ACM} Symposium on
                  Principles of Distributed Computing ({PODC}'03)"}
@STRING{PODC04 = "Proceeding of the 23rd Annual {ACM} Symposium on
                  Principles of Distributed Computing ({PODC}'04)"}
@STRING{PODC05 = "Proceeding of the 24th Annual {ACM} Symposium on
                  Principles of Distributed Computing ({PODC}'05)"}
@STRING{PODC06 = "Proceedings of the 25th Annual {ACM} Symposium on
                  Principles of Distributed Computing ({PODC}'06)"}
@STRING{PODC07 = "Proceedings of the 26th Annual {ACM} Symposium on
                  Principles of Distributed Computing ({PODC}'07)"}
@STRING{STOC91 = "Proceedings of the 23rd Annual {ACM} Symposium on
                  Theory of Computing ({STOC}'91)"}
@STRING{WSS01  = "Proceedings of the 5th International Workshop on
                  Self-Stabilizing Systems ({WSS} '01)"}
@STRING{SSS06  = "Proceedings of the 8th International Symposium on
                  Stabilization, Safety, and Security of Distributed
                  Systems ({SSS} '06)"}
@STRING{DSN00  = "Dependable Systems and Networks ({DSN} 2000)"}
@STRING{DSN03  = "Dependable Systems and Networks ({DSN} 2003)"}
@STRING{DSN05  = "Dependable Systems and Networks ({DSN} 2005)"}
@STRING{DSN06  = "Dependable Systems and Networks ({DSN} 2006)"}
@STRING{DSN07  = "Dependable Systems and Networks ({DSN} 2007)"}
@STRING{DSN08  = "Dependable Systems and Networks ({DSN} 2008)"}

%--- journals -----------------------------------------------------
@STRING{PPL = "Parallel Processing Letters"}
@STRING{IPL = "Information Processing Letters"}
@STRING{DC = "Distributed Computing"}
@STRING{JACM = "Journal of the ACM"}
@STRING{IC = "Information and Control"}
@STRING{TCS = "Theoretical Computer Science"}
@STRING{ACMTCS = "ACM Transactions on Computer Systems"}
@STRING{TDSC = "Transactions on Dependable and Secure Computing"}
@STRING{TPLS = "ACM Trans. Program. Lang. Syst."}

%--- publisher ----------------------------------------------------
@STRING{ACM = "ACM Press"}
@STRING{IEEE = "IEEE"}
@STRING{SPR = "Springer-Verlag"}

%--- institution --------------------------------------------------
@STRING{TUAuto = {Technische Universit\"at Wien, Department of
                  Automation}}
@STRING{TUECS  = {Technische Universit\"at Wien, Embedded Computing
                  Systems Group}}


%------------------------------------------------------------------
@article{ABND+90:jacm,
  author =	 {Hagit Attiya and Amotz Bar-Noy and Danny Dolev and
                  David Peleg and R{\"u}diger Reischuk},
  title =	 {Renaming in an asynchronous environment},
  journal =	 JACM,
  volume =	 {37},
  number =	 {3},
  year =	 {1990},
  pages =	 {524--548},
  publisher =	 ACM,
  address =	 {New York, NY, USA},
}

@article{ABND95:jacm,
  author =	 {Hagit Attiya and Amotz Bar-Noy and Danny Dolev},
  title =	 {Sharing memory robustly in message-passing systems},
  journal =	 JACM,
  volume =	 {42},
  number =	 {1},
  year =	 {1995},
  pages =	 {124--142},
  publisher =	 ACM,
  address =	 {New York, NY, USA},
}

%------------------------
% Paxos
%------------------------
@article{LAMPORT01:sigact,
    author = {Lamport, Leslie},
    journal = {ACM SIGACT News},
    month = {December},
    number = {4},
    pages = {18--25},
    title = {{P}axos Made Simple},
    volume = {32},
    year = {2001}
}

@inproceedings{LM04:dsn,
		title = {Cheap Paxos},
    address = {Washington, DC, USA},
    author = {Lamport, Leslie and Massa, Mike},
    booktitle = {DSN '04: Proceedings of the 2004 International Conference on Dependable Systems and Networks (DSN'04)},
    citeulike-article-id = {986427},
    citeulike-linkout-0 = {http://portal.acm.org/citation.cfm?id=1009382.1009745},
    isbn = {0769520529},
    keywords = {consensus, paxos},
    posted-at = {2009-08-21 22:43:49},
    priority = {2},
    publisher = {IEEE Computer Society},    
    url = {http://portal.acm.org/citation.cfm?id=1009382.1009745},
    year = {2004}
}



@inproceedings{ACKM04:podc,
  author =	 {Ittai Abraham and Gregory Chockler and Idit Keidar
                  and Dahlia Malkhi},
  title =	 {Byzantine disk paxos: optimal resilience with
                  byzantine shared memory.},
  booktitle =	 PODC04,
  year =	 {2004},
  pages =	 {226-235}
}

@article{ACKM05:dc,
  author =	 {Ittai Abraham and Gregory Chockler and Idit Keidar
                  and Dahlia Malkhi},
  title =	 {Byzantine disk paxos: optimal resilience with
                  byzantine shared memory.},
  journal =	 DC,
  volume =	 {18},
  number =	 {5},
  year =	 {2006},
  pages =	 {387-408}
}

@article{ACT00:dc,
  author =	 "Marcos Kawazoe Aguilera and Wei Chen and Sam Toueg",
  title =	 "Failure Detection and Consensus in the
                  Crash-Recovery Model",
  journal =	 DC,
  year =	 2000,
  month =	 apr,
  volume =	 13,
  number =	 2,
  pages =	 "99--125",
  url =
                  "http://www.cs.cornell.edu/home/sam/FDpapers/crash-recovery-finaldcversion.ps"
}

@article{ACT00:siam,
  author =	 "Marcos Kawazoe Aguilera and Wei Chen and Sam Toueg",
  title =	 "On quiescent reliable communication",
  journal =	 "SIAM Journal of Computing",
  year =	 2000,
  volume =	 29,
  number =	 6,
  pages =	 "2040--2073",
  month =	 apr
}

@inproceedings{ACT97:wdag,
  author =	 "Marcos Kawazoe Aguilera and Wei Chen and Sam Toueg",
  title =	 "Heartbeat: A Timeout-Free Failure Detector for
                  Quiescent Reliable Communication",
  booktitle =	 WDAG97,
  year =	 1997,
  pages =	 "126--140",
  url =
                  "http://simon.cs.cornell.edu/Info/People/weichen/research/mypapers/wdag97final.ps"
}

@article{ACT98:disc,
  author =	 "Marcos Kawazoe Aguilera and Wei Chen and Sam Toueg",
  title =	 "Failure Detection and Consensus in the
                  Crash-Recovery Model",
  journal =	 DISC98,
  year =	 1998,
  pages =	 "231--245",
  publisher =	 SPR
}

@article{ACT99:tcs,
  author =	 "Marcos Kawazoe Aguilera and Wei Chen and Sam Toueg",
  title =	 "Using the Heartbeat Failure Detector for Quiescent
                  Reliable Communication and Consensus in
                  Partitionable Networks",
  journal =	 "Theoretical Computer Science",
  year =	 1999,
  month =	 jun,
  volume =	 220,
  number =	 1,
  pages =	 "3--30",
  url =
                  "http://www.cs.cornell.edu/home/sam/FDpapers/TCS98final.ps"
}

@inproceedings{ADGF+04:ispdc,
  author =	 {Anceaume, Emmanuelle and Delporte-Gallet, Carole and
                  Fauconnier, Hugues and Hurfin, Michel and Le Lann,
                  G{\'e}rard },
  title =	 {Designing Modular Services in the Scattered
                  Byzantine Failure Model.},
  booktitle =	 {ISPDC/HeteroPar},
  year =	 {2004},
  pages =	 {262-269}
}

@inproceedings{ADGF+06:dsn,
  author =	 {Marcos Kawazoe Aguilera and Carole Delporte-Gallet
                  and Hugues Fauconnier and Sam Toueg},
  title =	 {Consensus with Byzantine Failures and Little System
                  Synchrony.},
  booktitle =	 DSN06,
  year =	 {2006},
  pages =	 {147-155}
}

@inproceedings{ADGFT01:disc,
  author =	 "Marcos Kawazoe Aguilera and Carole Delporte-Gallet
                  and Hugues Fauconnier and Sam Toueg",
  title =	 "Stable Leader Election",
  booktitle =	 DISC01,
  year =	 2001,
  pages =	 "108--122",
  publisher =	 SPR
}

@inproceedings{ADGFT03:podc,
  author =	 "Marcos K. Aguilera and Carole Delporte-Gallet and
                  Hugues Fauconnier and Sam Toueg",
  title =	 "On implementing {O}mega with weak reliability and
                  synchrony assumptions",
  booktitle =	 PODC03,
  year =	 2003,
  publisher =	 ACM
}

@inproceedings{ADGFT04:podc,
  author =	 {Marcos K. Aguilera and Carole Delporte-Gallet and
                  Hugues Fauconnier and Sam Toueg},
  title =	 {Communication-efficient leader election and
                  consensus with limited link synchrony},
  booktitle =	 PODC04,
  year =	 2004,
  pages =	 {328--337},
  address =	 {St. John's, Newfoundland, Canada},
  publisher =	 ACM
}

@inproceedings{ADGFT06:dsn,
  author =	 {Marcos Kawazoe Aguilera and Carole Delporte-Gallet
                  and Hugues Fauconnier and Sam Toueg},
  title =	 {Consensus with Byzantine Failures and Little System
                  Synchrony.},
  booktitle =	 DSN06,
  year =	 2006,
  pages =	 {147-155},
  ee =
                  {http://doi.ieeecomputersociety.org/10.1109/DSN.2006.22},
  bibsource =	 {DBLP, http://dblp.uni-trier.de}
}

@inproceedings{ADLS91:stoc,
  author =	 "Hagit Attiya and Cynthia Dwork and Nancy A. Lynch
                  and Larry J. Stockmeyer",
  title =	 "Bounds on the Time to Reach Agreement in the
                  Presence of Timing Uncertainty",
  booktitle =	 STOC91,
  year =	 1991,
  pages =	 "359--369",
}

@article{AT99:ipl,
  author =	 "Marcos Kawazoe Aguilera and Sam Toueg",
  title =	 "A Simple Bivalency Proof that t -Resilient Consensus
                  Requires t + 1 Rounds",
  journal =	 IPL,
  volume =	 "71",
  number =	 "3-4",
  pages =	 "155--158",
  year =	 "1999"
}

@Book{AW04:book,
  author =	 {Attiya, Hagit and Welch, Jennifer},
  title =	 {Distributed Computing},
  publisher =	 {John Wiley {\&} Sons},
  edition =	 {2nd},
  year =	 {2004}
}

@Book{AW98:book,
  author =	 {Hagit Attiya and Jennifer Welch},
  title =	 {Distributed Computing},
  publisher =	 {McGraw-Hill Publishing Company},
  year =	 {1998}
}

@InBook{AW98:book:chap12,
  author =	 {Hagit Attiya and Jennifer Welch},
  title =	 {Distributed Computing},
  publisher =	 {McGraw-Hill Publishing Company},
  year =	 {1998},
  chapter =	 {12, "Improving the fault-tolerance of algorithms"}
}

@inproceedings{BCBG+07:podc,
  author =	 {Martin Biely and Bernadette Charron-Bost and Antoine
                  Gaillard and Martin Hutle and Andr{\'e} Schiper and
                  Josef Widder},
  title =	 {Tolerating Corrupted Communication},
  publisher =    ACM,
  booktitle =    PODC07,
  year =	 {2007}
}

@InProceedings{BCBT96:wdag,
  author =	 {Anindya Basu and Bernadette Charron-Bost and Sam
                  Toueg},
  title =	 {Simulating Reliable Links with Unreliable Links in
                  the Presence of Process Crashes},
  pages =	 {105--122},
  booktitle =	 {WDAG 1996},
  editor =	 {Babao{\u g}lu, {\"O}zalp},
  year =	 {1996},
  month =	 {Oct},
  volume =	 {1151},
  ISBN =	 {3-540-61769-8},
  pubisher =	 {Springer},
  series =	 {Lecture Notes in Computer Science},
}

@article{BDFG03:sigact,
  author =	 "R. Boichat and P. Dutta and S. Frolund and
                  R. Guerraoui",
  title =	 "Reconstructing {P}axos",
  journal =	 "ACM SIGACT News",
  year =	 "2003",
  volume =	 "34",
  number =	 "1",
  pages =	 "47-67"
}

@unpublished{BHR+06:note,
  author =	 "Martin Biely and Martin Hutle and Sergio Rajsbaum
                  and Ulrich Schmid and Corentin Travers and Josef
                  Widder",
  title =	 "Discussion note on moving timely links",
  note =	 "Unpublished",
  month =	 apr,
  year =	 2006
}

@article{BHRT03:jda,
  author =	 {Roberto Baldoni and Jean-Michel H{\'e}lary and
                  Michel Raynal and L{\'e}naick Tanguy},
  title =	 {Consensus in Byzantine asynchronous systems.},
  journal =	 {J. Discrete Algorithms},
  volume =	 {1},
  number =	 {2},
  year =	 {2003},
  pages =	 {185-210},
  ee =		 {http://dx.doi.org/10.1016/S1570-8667(03)00025-X},
  bibsource =	 {DBLP, http://dblp.uni-trier.de}
}

@inproceedings{Ben83:podc,
  author =	 {Michael Ben-Or},
  title =	 {Another Advantage of Free Choice: Completely
                  Asynchronous Agreement Protocols},
  booktitle =	 PODC83,
  pages =	 {27--29},
  year =	 {1983},
  publisher =	 ACM
}

@inproceedings{CBGS00:dsn,
  author =	 "Bernadette Charron-Bost and Rachid Guerraoui and
                  Andr{\'{e}} Schiper",
  title =	 "Synchronous System and Perfect Failure Detector:
                  {S}olvability and efficiency issues",
  booktitle =	 DSN00,
  publisher =	 "{IEEE} Computer Society",
  address =	 "New York, {USA}",
  pages =	 "523--532",
  year =	 "2000"
}

@inproceedings{CBS06:prdc,
  author =	 {Bernadette Charron-Bost and Andr{\'e} Schiper},
  title =	 {Improving Fast Paxos: being optimistic with no
                  overhead},
  booktitle =	 {Pacific Rim Dependable Computing, Proceedings},
  year =	 {2006}
}

@techreport{CBS07:tr,
  author =	 {Charron-Bost, Bernadette and Schiper, Andr{\'{e}}},
  title =	 {The Heard-Of Model: Unifying all Benign Failures},
  institution =	 {EPFL},
  year =	 2007,
  OPTnumber =	 {LSR-REPORT-2006-004}
}

@article{CELT00:jacm,
  author =	 {Soma Chaudhuri and Maurice Erlihy and Nancy A. Lynch
                  and Mark R. Tuttle},
  title =	 {Tight bounds for k-set agreement},
  journal =	 JACM,
  volume =	 {47},
  number =	 {5},
  year =	 {2000},
  pages =	 {912--943},
  publisher =	 ACM,
  address =	 {New York, NY, USA},
}

@article{CF99:tpds,
  author =	 "Flaviu Cristian and Christof Fetzer",
  title =	 "The Timed Asynchronous Distributed System Model",
  journal =	 "IEEE Transactions on Parallel and Distributed
                  Systems",
  volume =	 "10",
  number =	 "6",
  pages =	 "642--657",
  year =	 "1999"
}

@article{CHT96:jacm,
  author =	 "Tushar Deepak Chandra and Vassos Hadzilacos and Sam
                  Toueg",
  title =	 "The Weakest Failure Detector for Solving Consensus",
  journal =	 JACM,
  year =	 1996,
  month =	 jun,
  volume =	 43,
  number =	 4,
  pages =	 "685--722"
}

@article{CL02:tcs,
  author =	 {Miguel Castro and Barbara Liskov},
  title =	 {Practical byzantine fault tolerance and proactive
                  recovery},
  journal =	 ACMTCS,
  volume =	 {20},
  number =	 {4},
  year =	 {2002},
  pages =	 {398--461},
  publisher =	 {ACM Press},
  address =	 {New York, NY, USA},
}

@inproceedings{KAD+07:SOSP,
    address = {New York, NY, USA},
    author = {Kotla, Ramakrishna and Alvisi, Lorenzo and Dahlin, Mike and Clement, Allen and Wong, Edmund},
    booktitle = {SOSP '07: Proceedings of twenty-first ACM SIGOPS symposium on Operating systems principles},
    doi = {10.1145/1294261.1294267},
    isbn = {9781595935915},
    keywords = {agreement, byzantine, replication, state-machine},
    pages = {45--58},
    publisher = {ACM Press},
    title = {Zyzzyva: speculative byzantine fault tolerance},
    url = {http://dx.doi.org/10.1145/1294261.1294267},
    year = {2007}
}

@InProceedings{CMWAD09:USENIX, 
author = {A. Clement and M. Marchetti and E. Wong and L. Alvisi and M. Dahlin}, 
 title = {Making Byzantine Fault Tolerant Systems Tolerate Byzantine Faults}, 
 booktitle = {6th {USENIX} Symposium on Networked Systems Design and Implementation ({NSDI})}, 
 year = 2009 , 
 pdf = "http://www.cs.utexas.edu/users/dahlin/papers/aardvark-2009-nsdi.pdf", 
 month = Apr, 
 category = "recent,byz,selected" 
 } 
 
@inproceedings{CL99:osdi,
  author =	 {Miguel Castro and Barbara Liskov},
  title =	 {Practical byzantine fault tolerance and proactive
                  recovery},
  booktitle =	 {Proceedings of the 3rd Symposium on Operating
                  Systems Design and Implementation},
  year =	 {1999},
  month =	 feb
}

@article{CT96:jacm,
  author =	 "Tushar Deepak Chandra and Sam Toueg",
  title =	 "Unreliable Failure Detectors for Reliable
                  Distributed Systems",
  journal =	 JACM,
  year =	 1996,
  month =	 mar,
  volume =	 43,
  number =	 2,
  pages =	 "225--267"
}

@inproceedings{CTA00:dsn,
  author =	 "Wei Chen and Sam Toueg and Marcos Kawazoe Aguilera",
  title =	 "On the Quality of Service of Failure Detectors",
  booktitle =	 "Proceedings IEEE International Conference on
                  Dependable Systems and Networks (DSN / FTCS'30)",
  address =	 "New York City, USA",
  year =	 2000
}

@inproceedings{DFKM98:podc,
 author = {Dolev, Danny and Friedman, Roy and Keidar, Idit and Malkhi, Dahlia},
 title = {Failure detectors in omission failure environments},
 booktitle = {PODC '97: Proceedings of the sixteenth annual ACM symposium on Principles of distributed computing},
 year = {1997},
 isbn = {0-89791-952-1},
 pages = {286},
 location = {Santa Barbara, California, United States},
 doi = {http://doi.acm.org/10.1145/259380.259501},
 publisher = {ACM},
 address = {New York, NY, USA},
 }


@inproceedings{DG02:podc,
  author =	 {Partha Dutta and Rachid Guerraoui},
  title =	 {The inherent price of indulgence},
  booktitle =	 PODC02,
  year =	 2002,
  pages =	 {88--97},
  location =	 {Monterey, California},
  publisher =	 ACM,
  address =	 {New York, NY, USA},
}

@inproceedings{DGFG+04:podc,
  author =	 {Carole Delporte-Gallet and Hugues Fauconnier and
                  Rachid Guerraoui and Vassos Hadzilacos and Petr
                  Kouznetsov and Sam Toueg},
  title =	 {The weakest failure detectors to solve certain
                  fundamental problems in distributed computing},
  booktitle =	 PODC04,
  year =	 2004,
  pages =	 {338--346},
  location =	 {St. John's, Newfoundland, Canada},
  publisher =	 ACM,
  address =	 {New York, NY, USA}
}

@inproceedings{DGL05:dsn,
  author =	 {Partha Dutta and Rachid Guerraoui and Leslie
                  Lamport},
  title =	 {How Fast Can Eventual Synchrony Lead to Consensus?},
  booktitle =	 {Proceedings of the 2005 International Conference on
                  Dependable Systems and Networks (DSN'05)},
  pages =	 {22--27},
  year =	 {2005},
  address =	 {Los Alamitos, CA, USA}
}

@article{DLS88:jacm,
  author =	 "Cynthia Dwork and Nancy Lynch and Larry Stockmeyer",
  title =	 "Consensus in the Presence of Partial Synchrony",
  journal =	 JACM,
  year =	 1988,
  month =	 apr,
  volume =	 35,
  number =	 2,
  pages =	 "288--323",
  publisher =	 ACM
}



@article{DPLL00:tcs,
  author =	 "De Prisco, Roberto and Butler Lampson and Nancy
                  Lynch",
  title =	 "Revisiting the {PAXOS} algorithm",
  journal =	 TCS,
  volume =	 "243",
  number =	 "1--2",
  pages =	 "35--91",
  year =	 "2000"
}

@techreport{DS97:tr,
  author =	 {A. Doudou and A. Schiper},
  title =	 {Muteness Failure Detectors for Consensus with
                  {B}yzantine Processes},
  institution =	 {EPFL, Dept d'Informatique},
  year =	 {1997},
  type =	 {TR},
  month =	 {October},
  number =	 {97/230},
}

@inproceedings{DS98:podc,
  author =	 {A. Doudou and A. Schiper},
  title =	 {Muteness Detectors for Consensus with {B}yzantine
                  Processes ({B}rief {A}nnouncement)},
  booktitle =	 PODC98,
  month =	 jul,
  year =	 {1998},
  address =	 {Puerto Vallarta, Mexico}
}

@inproceedings{FC95:podc,
  author =	 "Christof Fetzer and Flaviu Cristian",
  title =	 "Lower Bounds for Convergence Function Based Clock
                  Synchronization",
  booktitle =	 PODC95,
  year =	 1995,
  pages =	 "137--143"
}

@article{FLP85:jacm,
  author =	 "Michael J. Fischer and Nancy A. Lynch and
                  M. S. Paterson",
  title =	 "Impossibility of Distributed Consensus with one
                  Faulty Process",
  journal =	 JACM,
  volume =	 32,
  number =	 2,
  year =	 1985,
  month =	 apr,
  pages =	 "374--382",
}

@article{FMR05:tdsc,
  author =	 {Roy Friedman and Achour Most{\'e}faoui and Michel
                  Raynal},
  title =	 {Simple and Efficient Oracle-Based Consensus
                  Protocols for Asynchronous Byzantine Systems.},
  journal =	 TDSC,
  volume =	 {2},
  number =	 {1},
  year =	 {2005},
  pages =	 {46-56},
  ee =		 {http://dx.doi.org/10.1109/TDSC.2005.13},
  bibsource =	 {DBLP, http://dblp.uni-trier.de}
}

@inproceedings{FS04:podc,
  author =	 "Christof Fetzer and Ulrich Schmid",
  title =	 "Brief announcement: on the possibility of consensus
                  in asynchronous systems with finite average response
                  times.",
  booktitle =	 PODC04,
  year =	 2004,
  pages =	 402
}

@InProceedings{GL00:disc,
  author =	 {Eli Gafni and Lesli Lamport},
  title =	 {Disk Paxos},
  booktitle =	 DISC00,
  pages =	 {330--344},
  year =	 {2000},
}

@Article{GL03:dc,
  author =	 {Eli Gafni and Lesli Lamport},
  title =	 {Disk Paxos},
  journal =	 DC,
  year =	 2003,
  volume =	 {16},
  number =	 {1},
  pages =	 {1--20}
}

@inproceedings{GP01:wss,
  author =	 "Felix C. G{\"a}rtner and Stefan Pleisch",
  title =	 "({I}m)Possibilities of Predicate Detection in
                  Crash-Affected Systems",
  booktitle =	 WSS01,
  year =	 2001,
  pages =	 "98--113"
}

@inproceedings{GP02:disc,
  author =	 "Felix C. G{\"a}rtner and Stefan Pleisch",
  title =	 "Failure Detection Sequencers: Necessary and
                  Sufficient Information about Failures to Solve
                  Predicate Detection",
  booktitle =	 DISC02,
  year =	 2002,
  pages =	 "280--294"
}

@inproceedings{GS96:wdag,
  author =	 {Rachid Guerraoui and Andr{\'e} Schiper},
  title =	 {"Gamma-Accurate" Failure Detectors},
  booktitle =	 WDAG96,
  year =	 {1996},
  pages =	 {269--286},
  publisher =	 SPR,
  address =	 {London, UK},
}

@inproceedings{Gaf98:podc,
  author =	 {Eli Gafni},
  title =	 {Round-by-round fault detectors (extended abstract):
                  unifying synchrony and asynchrony},
  booktitle =	 PODC98,
  year =	 {1998},
  pages =	 {143--152},
  address =	 {Puerto Vallarta, Mexico},
  publisher =	 ACM
}

@incollection{Gra78:book,
  author =	 {Jim N. Gray},
  title =	 {Notes on data base operating systems},
  booktitle =	 {Operating Systems: An Advanced Course},
  chapter =	 {3.F},
  publisher =	 {Springer},
  year =	 {1978},
  editor =	 {R. Bayer, R.M. Graham, G. Seegm\"uller},
  volume =	 {60},
  series =	 {Lecture Notes in Computer Science},
  address =	 {New York},
  pages =	 {465},
}

@InProceedings{HMR98:srds,
  author =	 {Hurfin, M. and Mostefaoui, A. and Raynal, M.},
  title =	 {Consensus in asynchronous systems where processes
                  can crash and recover},
  booktitle =	 {Seventeenth IEEE Symposium on Reliable Distributed
                  Systems, Proceedings. },
  pages =	 { 280--286},
  year =	 {1998},
  address =	 {West Lafayette, IN},
  month =	 oct,
  organization = {IEEE}
}

@inproceedings{HMSZ06:sss,
  author =	 "Martin Hutle and Dahlia Malkhi and Ulrich Schmid and
                  Lidong Zhou",
  title =	 "Brief Announcement: Chasing the Weakest System Model
                  for Implementing {$\Omega$} and Consensus",
  booktitle =	 SSS06,
  year =	 2006
}

@inproceedings{HS06:opodis,
  author =	 {Heinrich Moser and Ulrich Schmid},
  title =	 {Optimal Clock Synchronization Revisited: Upper and
                  Lower Bounds in Real-Time Systems},
  booktitle =	 { Principles of Distributed Systems},
  pages =	 {94--109},
  year =	 {2006},
  volume =	 {4305},
  series =	 {Lecture Notes in Computer Science},
  publisher =	 SPR
}

@techreport{HS06:tr,
  author =	 {Martin Hutle and Andr{\'e} Schiper},
  title =	 { Communication predicates: A high-level abstraction
                  for coping with transient and dynamic faults},
  institution =	 {EPFL},
  number =	 { LSR-REPORT-2006-006 },
  year =	 {2006}
}

@inproceedings{HS07:dsn,
  author =	 {Martin Hutle and Andr{\'e} Schiper},
  title =	 { Communication predicates: A high-level abstraction
                  for coping with transient and dynamic faults},
  year =	 2007,
  booktitle =    DSN07,
  publisher =	 IEEE,
  location = {Edinburgh,UK},
  pages     =    {92--10},
  month = jun
}

@article{Her91:tpls,
  author =	 {Maurice Herlihy},
  title =	 {Wait-free synchronization},
  journal =	 TPLS,
  volume =	 {13},
  number =	 {1},
  year =	 {1991},
  pages =	 {124--149},
  publisher =	 ACM,
  address =	 {New York, NY, USA},
}

@inproceedings{KMMS97:opodis,
  author =	 "Kim Potter Kihlstrom and Louise E. Moser and
                  P. M. Melliar-Smith",
  title =	 "Solving Consensus in a Byzantine Environment Using
                  an Unreliable Fault Detector",
  booktitle =	 "Proceedings of the International Conference on
                  Principles of Distributed Systems (OPODIS)",
  year =	 1997,
  month =	 dec,
  address =	 "Chantilly, France",
  pages =	 "61--75"
}

@inproceedings{KS06:podc,
  author =	 {Idit Keidar and Alexander Shraer},
  title =	 {Timeliness, failure-detectors, and consensus performance},
  booktitle =	 PODC06,
  year =	 {2006},
  pages =	 {169--178},
  location =	 {Denver, Colorado, USA},
  publisher =	 {ACM Press},
  address =	 {New York, NY, USA},
}

@InProceedings{LFA99:disc,
  author =	 {Mikel Larrea and Antonio Fern\'andez and Sergio
                  Ar\'evalo},
  title =	 {Efficient algorithms to implement unreliable failure
                  detectors in partially synchronous systems},
  year =	 1999,
  month =	 sep,
  pages =	 {34-48},
  series =	 "LNCS 1693",
  booktitle =	 DISC99,
  publisher =	 SPR,
  address =	 {Bratislava, Slovaquia},
}

@article{LL84:ic,
  author =	 "Jennifer Lundelius and Nancy A. Lynch",
  title =	 "An Upper and Lower Bound for Clock Synchronization",
  journal =	 IC,
  volume =	 62,
  number =	 {2/3},
  year =	 1984,
  pages =	 {190--204}
}

@techreport{LLS03:tr,
  title =	 {How to Implement a Timer-free Perfect Failure
                  Detector in Partially Synchronous Systems},
  author =	 {Le Lann, G\'erard and Schmid, Ulrich},
  institution =	 TUAuto,
  number =	 "183/1-127",
  month =	 jan,
  year =	 2003
}

@article{LSP82:tpls,
  author =	 {Leslie Lamport and Robert Shostak and Marshall
                  Pease},
  title =	 {The Byzantine Generals Problem},
  journal =	 {ACM Trans. Program. Lang. Syst.},
  volume =	 {4},
  number =	 {3},
  year =	 {1982},
  pages =	 {382--401},
  publisher =	 ACM,
  address =	 ACMADDR
}

@inproceedings{Lam01:podc,
  author =	 {Butler Lampson},
  title =	 {The ABCD's of Paxos},
  booktitle =	 PODC01,
  year =	 {2001},
  pages =	 {13},
  location =	 {Newport, Rhode Island, United States},
  publisher =	 ACM,
  address =	 ACMADDR
}

@inproceedings{Lam03:fddc,
  author =	 {Leslie Lamport},
  title =	 {Lower Bounds for Asynchronous Consensus},
  booktitle =	 {Future Directions in Distributed Computing},
  pages =	 {22--23},
  year =	 {2003},
  editor =	 {Andr{\'e} Schiper and Alex A. Shvartsman and Hakim
                  Weatherspoon and Ben Y. Zhao},
  number =	 {2584},
  series =	 {Lecture Notes in Computer Science},
  publisher =	 SPR
}

@techreport{Lam04:tr,
  author =	 {Leslie Lamport},
  title =	 {Lower Bounds for Asynchronous Consensus},
  institution =	 {Microsoft Research},
  year =	 {2004},
  number =	 {MSR-TR-2004-72}
}

@techreport{Lam05:tr,
  author =	 {Leslie Lamport},
  title =	 {Fast Paxos},
  institution =	 {Microsoft Research},
  year =	 {2005},
  number =	 {MSR-TR-2005-12}
}

@techreport{Lam05:tr-33,
  author =	 {Leslie Lamport},
  title =	 {Generalized Consensus and Paxos},
  institution =	 {Microsoft Research},
  year =	 {2005},
  number =	 {MSR-TR-2005-33}
}

@Misc{Lam06:slides,
  author =	 {Leslie Lamport},
  title =	 {Byzantine Paxos},
  howpublished = {Unpublished slides},
  year =	 {2006}
}

@Article{Lam86:dc,
  author =	 {Lesli Lamport},
  title =	 {On Interprocess Communication--Part I: Basic
                  Formalism, Part II: Algorithms},
  journal =	 DC,
  year =	 1986,
  volume =	 1,
  number =	 2,
  pages =	 {77--101}
}

@Article {Lam98:tcs,
  author =	 {Leslie Lamport},
  title =	 {The part-time parliament},
  journal =	 ACMTCS,
  year =	 1998,
  volume =	 16,
  number =	 2,
  month =	 may,
  pages =	 {133-169},
}

@book{Lyn96:book,
  author =	 {Nancy Lynch},
  title =	 {Distributed Algorithms},
  publisher =	 {Morgan Kaufman},
  year =	 {1996},
}

@inproceedings{MA05:dsn,
  author =	 {Martin, J.-P. and Alvisi, L. },
  title =	 {Fast Byzantine consensus},
  booktitle =	 DSN05,
  pages =	 {402--411},
  year =	 {2005},
  month =	 jun,
  organization = {IEEE},
}

@inproceedings{MA05:dsn,
  author =	 {Martin, J.-P. and Alvisi, L. },
  title =	 {Fast Byzantine consensus},
  booktitle =	 DSN05,
  pages =	 {402--411},
  year =	 {2005},
  month =	 jun,
  organization = {IEEE},
}

@article{MA06:tdsc,
  author =	 {Martin, J.-P. and Alvisi, L. },
  title =	 {Fast Byzantine Consensus},
  journal =	 TDSC,
  pages =	 {202--214},
  year =	 {2006},
  volume =	 3,
  number =	 3,
  organization = {IEEE}
}

@article{MA06:tdsc,
  author =	 {Martin, J.-P. and Alvisi, L. },
  title =	 {Fast Byzantine Consensus},
  journal =	 TDSC,
  pages =	 {202--214},
  year =	 {2006},
  volume =	 3,
  number =	 3,
  organization = {IEEE}
}

@InProceedings{MOZ05:dsn,
  author =	 {Dahlia Malkhi and Florin Oprea and Lidong Zhou},
  title =	 {{$\Omega$} Meets Paxos: Leader Election and
                  Stability without Eventual Timely Links},
  booktitle =	 DSN05,
  year =	 {2005}
}

@inproceedings{MR00:podc,
  author =	 "Achour Most{\'e}faoui and Michel Raynal",
  title =	 "k-set agreement with limited accuracy failure
                  detectors",
  booktitle =	 PODC00,
  year =	 2000,
  pages =	 {143--152},
  location =	 {Portland, Oregon, United States},
  publisher =	 ACM
}

@article{MR01:ppl,
  author =	 "Achour Most{\'e}faoui and Michel Raynal",
  title =	 "Leader-Based Consensus",
  journal =	 PPL,
  volume =	 11,
  number =	 1,
  year =	 2001,
  pages =	 {95--107}
}

@inproceedings{MR99DISC,
 author = {Most\'{e}faoui, Achour and Raynal, Michel},
 title = {Solving Consensus Using Chandra-Toueg's Unreliable Failure Detectors: A General Quorum-Based Approach},
 booktitle = {Proceedings of the 13th International Symposium on Distributed Computing},
 year = {1999},
 isbn = {3-540-66531-5},
 pages = {49--63},
 publisher = {Springer-Verlag},
 address = {London, UK},
 }


@techreport{OGS97:tr,
  author =	 "Rui Oliveira and Rachid Guerraoui and {Andr\'e}
                  Schiper",
  title =	 "Consensus in the crash-recover model",
  number =	 "TR-97/239",
  year =	 "1997"
}

@article{PSL80:jacm,
  author =	 {M. Pease and R. Shostak and L. Lamport},
  title =	 {Reaching Agreement in the Presence of Faults},
  journal =	 JACM,
  volume =	 {27},
  number =	 {2},
  year =	 {1980},
  pages =	 {228--234},
  publisher =	 ACM,
  address =	 {New York, NY, USA},
}


@article{ST87:jacm,
  author =	 "T. K. Srikanth and Sam Toueg",
  title =	 "Optimal clock synchronization",
  journal =	 JACM,
  volume =	 34,
  number =	 3,
  year =	 1987,
  pages =	 "626--645"
}

@inproceedings{SW89:stacs,
  author =	 {Santoro, Nicola and Widmayer, Peter},
  title =	 {Time is not a healer},
  booktitle =	 {Proc.\ 6th Annual Symposium on Theor.\ Aspects of
                  Computer Science (STACS'89)},
  publisher =	 "Springer-Verlag",
  series =	 {LNCS},
  volume =	 "349",
  address =	 "Paderborn, Germany",
  pages =	 "304-313",
  year =	 "1989",
  month =	 feb,
}

@inproceedings{SW90:sigal,
  author =	 {Nicola Santoro and Peter Widmayer},
  title =	 {Distributed Function Evaluation in the Presence of
                  Transmission Faults.},
  booktitle =	 {SIGAL International Symposium on Algorithms},
  year =	 {1990},
  pages =	 {358-367}
}

@inproceedings{SWR02:icdcs,
  author =	 {Ulrich Schmid and Bettina Weiss and John Rushby},
  title =	 {Formally Verified Byzantine Agreement in Presence of
                  Link Faults},
  booktitle =	 "22nd International Conference on Distributed
                  Computing Systems (ICDCS'02)",
  year =	 2002,
  month =	 jul # " 2-5, ",
  pages =	 "608--616",
  address =	 "Vienna, Austria",
}

@incollection{Sch93a:mullender,
  Author =	 {F. B. Schneider},
  Title =	 {What Good are Models and What Models are Good},
  BookTitle =	 {Distributed Systems},
  Year =	 {1993},
  Editor =	 {Sape Mullender},
  Publisher =	 {ACM Press},
  Pages =	 {169-197},
}

@article{VL96:ic,
  author =	 {George Varghese and Nancy A. Lynch},
  title =	 {A Tradeoff Between Safety and Liveness for
                  Randomized Coordinated Attack.},
  journal =	 {Inf. Comput.},
  volume =	 {128},
  number =	 {1},
  year =	 1996,
  pages =	 {57--71}
}

@inproceedings{WGWB07:dsn,
  title =	 {Synchronous Consensus with Mortal Byzantines},
  author =	 {Josef Widder and Günther Gridling and Bettina Weiss
                  and Jean-Paul Blanquart},
  year =	 {2007},
  booktitle =	 DSN07,
  publisher =	 IEEE,
  note =	 {To appear.}
}

@inproceedings{Wid03:disc,
  author =	 {Josef Widder},
  title =	 {Booting clock Synchronization in Partially
                  Synchronous Systems},
  booktitle =	 DISC03,
  year =	 {2003},
  pages =	 {121--135}
}

@techreport{Zie04:tr,
  author =	 {Piotr Zieli{\'n}ski},
  title =	 {Paxos at War},
  institution =	 {University of Cambridge},
  year =	 {2004},
  number =	 {UCAM-CL-TR-593},
  month =	 jun
}

@article{dPLL00:tcs,
  author =	 {Roberto De Prisco and Butler Lampson and Nancy
                  Lynch},
  title =	 {Revisiting the PAXOS algorithm},
  journal =	 TCS,
  volume =	 {243},
  number =	 {1-2},
  year =	 {2000},
  issn =	 {0304-3975},
  pages =	 {35--91},
  publisher =	 {Elsevier Science Publishers Ltd.},
  address =	 {Essex, UK},
}

@inproceedings{dPLL97:wdag,
  author =	 {Roberto De Prisco and Butler Lampson and Nancy
                  Lynch},
  title =	 {Revisiting the PAXOS algorithm},
  publisher =	 SPR,
  volume =	 {LNCS 1320/1997},
  booktitle =	 WDAG97,
  year =	 1997,
  pages =	 {111--125}
}

@inproceedings{KS07:dsn,
  author =	 {Idit Keidar and Alexander Shraer},
  title =	 {How to Choose a Timing Model?},
  booktitle =	 DSN07,
  year =	 {2007},
  isbn =	 {0-7695-2855-4},
  pages =	 {389--398},
  doi =		 {http://dx.doi.org/10.1109/DSN.2007.55},
  publisher =	 {IEEE Computer Society},
  address =	 {Washington, DC, USA},
}

@article{DGK06:dc,
  author =	 {Partha Dutta and Rachid Guerraoui and Idit Keidar},
  doi =		 {10.1007/s00446-006-0017-6},
  issn =	 {0178-2770},
  journal =	 DC,
  month =	 {April},
  number =	 {5-6},
  pages =	 {373--386},
  publisher =	 {Springer},
  title =	 {The overhead of consensus failure recovery},
  url =		 {http://dx.doi.org/10.1007\%2Fs00446-006-0017-6},
  volume =	 {19},
  year =	 {2007}
}

@article{CBS07:sigact,
  author =	 {Bernadette Charron-Bost and Andr\'{e} Schiper},
  title =	 {Harmful dogmas in fault tolerant distributed
                  computing},
  journal =	 {SIGACT News},
  volume =	 {38},
  number =	 {1},
  year =	 {2007},
  pages =	 {53--61},
}

@techreport{BHSS08:tr,
  author =	 {Borran, Fatemeh and Hutle, Martin and Santos, Nuno and Schiper, Andr{\'{e}}},
  title =	 "{Solving Consensus with Communication Predicates: A Quantitative Approach}",
  institution =	 {EPFL},
  number =	 {LSR-REPORT-2008-001},
  year =	 2008
}



@inproceedings{SBCF03:dsn,
	author = {Livia M. R. Sampaio and Francisco V. Brasileiro and Walfredo Cirne and Jorge C. A. Figueiredo},
	title = {How Bad Are Wrong Suspicions? Towards Adaptive Distributed Protocols},
	booktitle = DSN07,
	volume = {00},
	year = {2003},
	isbn = {0-7695-1952-0},
	pages = {551},
	doi = {http://doi.ieeecomputersociety.org/10.1109/DSN.2003.1209965},
	publisher = {IEEE Computer Society},
	address = {Los Alamitos, CA, USA},
}

@inproceedings{SB05:dsn,
	title={Adaptive indulgent consensus},
	author={Sampaio, L. and Brasileiro, F.},
	booktitle=DSN05,
	year={2005},
	month={June-1 July},
	pages={ 422-431},
	keywords={ distributed processing, fault tolerant computing, protocols adaptive indulgent consensus protocol, adaptive process ordering, communication channel, failure detection, fault-tolerant distributed system},
	doi={10.1109/DSN.2005.16},
	ISSN={}
}

@inproceedings{ST08:dsn,
	title={A Robust and Lightweight Stable Leader Election Service for Dynamic Systems},
	author={Schiper, N. and Toueg, S.},
	booktitle = DSN08,
	year={2008},
	month={June},
}


@article{SNBJP05:jbcs,
   title = {Efficient and robust adaptive consensus services based on oracles},
   author = {L. Sampaio and R. C. Nunes and F. Brasileiro and I. Jansch-P{\^o}rto},
   year = 2005,
   journal = { Journal of the Brazilian Computer Society (JBCS), Special Issue on Dependable Computing (2005)}
}

@inproceedings{HDYK04:srds,
	title={The /spl phi/ accrual failure detector},
	author={Hayashibara, N. and Defago, X. and Yared, R. and Katayama, T.},
	booktitle={Reliable Distributed Systems, 2004. Proceedings of the 23rd IEEE International Symposium on},
	year={2004},
	month={Oct.},
	volume={},
	number={},
	pages={ 66-78},
	keywords={ data communication, distributed processing, fault diagnosis, fault tolerant computing, system 	recovery /spl phi/ accrual failure detector, adaptive mechanism, application requirements, continuous information provision, distributed systems, failure detection, fault tolerance, intercontinental communication link, monitoring, suspicion level},
	doi={10.1109/RELDIS.2004.1353004},
	ISSN={1060-9857},
}



% Anonymous networks
@article{YK96:TPDS,
 author = {Masafumi Yamashita and Tsunehiko Kameda},
 title = {Computing on Anonymous Networks: Part II-Decision and Membership Problems},
 journal = {IEEE Trans. Parallel Distrib. Syst.},
 volume = {7},
 number = {1},
 year = {1996},
 issn = {1045-9219},
 pages = {90--96},
 doi = {http://dx.doi.org/10.1109/71.481600},
 publisher = {IEEE Press},
 address = {Piscataway, NJ, USA},
 }


@inproceedings{AK08:LADIS,
 author = {Yair Amir and Jonathan Kirsch},
 title = {Paxos for System Builders: An Overview},
 booktitle = {Large-Scale Distributed Systems and Middleware (LADIS 2008)}, 
 year = {2008},  
 month = {September},
 address = {New York, USA}
 }

 @TechReport{AK08:TR,
   affiliation = {The Johns Hopkins University},
   author      = {Yair Amir and Jonathan Kirsch},
   title       = {Paxos for system builders},   
   year        = 2008
}
  
@inproceedings{CGR07:PODC,
    address = {New York, NY, USA},
    author = {Chandra, Tushar D. and Griesemer, Robert and Redstone, Joshua},
    booktitle = {PODC '07: Proceedings of the twenty-sixth annual ACM symposium on Principles of distributed computing},    
    doi = {10.1145/1281100.1281103},
    isbn = {9781595936165},
    keywords = {fault-tolerance, paxos},
    pages = {398--407},
    posted-at = {2009-03-10 17:21:46},    
    publisher = {ACM Press},
    title = {Paxos made live - an engineering perspective},
    url = {http://dx.doi.org/10.1145/1281100.1281103},
    year = {2007}
}

@TechReport{CS07LSR-REPORT-2007-001,
   author      = {Charron-Bost, Bernadette and Schiper, Andr\'e},
   details     = {http://infoscience.epfl.ch/record/109375},
   documenturl = {http://infoscience.epfl.ch/getfile.py?recid=109375&mode=best},
   keywords    = {Distributed computing; Fault tolerance; System model;
                 Computational model; Consensus},
   note        = {Replaces TR-2006: The Heard-Of Model: Unifying all Benign Failures.},
   oai-id      = {oai:infoscience.epfl.ch:109375},
   oai-set     = {report; fulltext; fulltext-public},
   title       = {The {H}eard-{O}f {M}odel: {C}omputing in {D}istributed
                 {S}ystems with {B}enign {F}ailures},
   unit        = {LSR},
   year        = 2007
}

@InProceedings{ES07:EUROPAR,
   affiliation = {EPFL},
   author      = {Ekwall, Richard and Schiper, Andr\'e},
   booktitle   = {Euro-{P}ar 2007},
   details     = {http://infoscience.epfl.ch/record/114627},
   documenturl = {http://infoscience.epfl.ch/getfile.py?recid=114627&mode=best},
   keywords    = {Atomic broadcast; performance evaluation; wide area
                 network; high latency; wide area network model; failure
                 detector},
   location    = {Rennes, France},
   oai-id      = {oai:infoscience.epfl.ch:114627},
   oai-set     = {conf; fulltext; fulltext-public},
   pages       = {574--586},
   publisher   = {Springer},
   review      = {REVIEWED},
   series      = {Lecture Notes in Computer Science},
   status      = {PUBLISHED},
   title       = {Modeling and validating the performance of atomic
                 broadcast algorithms in high-latency networks},
   unit        = {LSR},
   url         = {http://europar2007.irisa.fr/},
   year        = 2007
}

@InProceedings{HUS+02b:ACIT,
   affiliation = {EPFL},
   author      = {Hayashibara, N. and Urb\'an, P. and Schiper, A. and Katayama, T.},
   booktitle   = {Proc. Int'l {A}rab {C}onference on {I}nformation
                 {T}echnology ({ACIT} 2002)},
   details     = {http://infoscience.epfl.ch/record/49946},
   documenturl = {http://infoscience.epfl.ch/getfile.py?recid=49946},
   oai-id      = {oai:infoscience.epfl.ch:49946},
   oai-set     = {conf; fulltext; fulltext-public},
   pages       = {526--533},
   title       = {Performance comparison between the {P}axos and
                 {C}handra-{T}oueg consensus algorithms},
   unit        = {LSR},
   year        = 2002
}

@InProceedings{USS03:DSN,
   affiliation = {EPFL},
   author      = {Urb\'an, P\'eter and Shnayderman, Ilya and Schiper, Andr\'e},
   booktitle   = {Proc. Int'l {C}onf. {o}n {D}ependable {S}ystems and {N}etworks},
   details     = {http://infoscience.epfl.ch/record/49934},
   documenturl = {http://infoscience.epfl.ch/getfile.py?recid=49934&mode=best},
   oai-id      = {oai:infoscience.epfl.ch:49934},
   oai-set     = {conf; fulltext; fulltext-public},
   pages       = {645--654},
   review      = {REVIEWED},
   status      = {PUBLISHED},
   title       = {Comparison of {F}ailure {D}etectors and {G}roup
                 {M}embership: {P}erformance {S}tudy of {T}wo {A}tomic
                 {B}roadcast {A}lgorithms},
   unit        = {LSR},
   year        = 2003
}

@inproceedings{UHSK04:srds,
 author = {Urban, Peter and Hayashibara, Naohiro and Schiper, Andre and Katayama, Takuya},
 title = {Performance Comparison of a Rotating Coordinator and a Leader Based Consensus Algorithm},
 booktitle = {SRDS '04: Proceedings of the 23rd IEEE International Symposium on Reliable Distributed Systems},
 year = {2004},
 isbn = {0-7695-2239-4},
 pages = {4--17},
 publisher = {IEEE Computer Society},
 address = {Washington, DC, USA},
 }


@techreport{VB08:TR,
  number = {IC-08-35},
  author = {Gustavo  M.  D. Vieira and Luiz  E. Buzato},
  title = {The Performance of Paxos and Fast Paxos},
  month = {December},
  year = {2008}, 
  institution = {Institute of Computing, University of Campinas}
}

@inproceedings{HKSHCMM09:HPDC,
 author = {Hupfeld, Felix and Kolbeck, Bj\"{o}rn and Stender, Jan and H\"{o}gqvist, Mikael and Cortes, Toni and Marti, Jonathan and Malo, Jes\'{u}s},
 title = {FaTLease: scalable fault-tolerant lease negotiation with paxos},
 booktitle = {HPDC '08: Proceedings of the 17th international symposium on High performance distributed computing},
 year = {2008},
 isbn = {978-1-59593-997-5},
 pages = {1--10},
 location = {Boston, MA, USA},
 doi = {http://doi.acm.org/10.1145/1383422.1383424},
 publisher = {ACM},
 address = {New York, NY, USA},
 }



@Book{CPS09:book,
  author =	 {B. Charron-Bost and F. Pedone and A. Schiper (Eds)},
  title =	 {Replication: theory and practice},
  publisher =	 {Springer},
  edition =	 {1st},
  year =	 {2009}
}

@article{RR03:tkde,
 author = {Rodrigues, Lu\'{\i}s and Raynal, Michel},
 title = {Atomic Broadcast in Asynchronous Crash-Recovery Distributed Systems and Its Use in Quorum-Based Replication},
 journal = {IEEE Trans. on Knowl. and Data Eng.},
 volume = {15},
 number = {5},
 year = {2003},
 issn = {1041-4347},
 pages = {1206--1217},
 doi = {http://dx.doi.org/10.1109/TKDE.2003.1232273},
 publisher = {IEEE Educational Activities Department},
 address = {Piscataway, NJ, USA},
 }


@inproceedings{SHS09:sac,
 author = {Santos, Nuno and Hutle, Martin and Schiper, Andr\'{e}},
 title = {Latency-aware leader election},
 booktitle = {SAC '09: Proceedings of the 2009 ACM symposium on Applied Computing},
 year = {2009},
 isbn = {978-1-60558-166-8},
 pages = {1056--1061},
 location = {Honolulu, Hawaii},
 doi = {http://doi.acm.org/10.1145/1529282.1529513},
 publisher = {ACM},
 address = {New York, NY, USA},
 }


@TECHREPORT{TR96:GOS,
    author = {Rachid Guerraoui and Rui Olivera and Andr� Schiper},
    title = {Stubborn Communication Channels},
    institution = {LSE, D'epartement d'Informatique, Ecole Polytechnique F'ed'erale de},
    year = {1996}
}


@TECHREPORT{FR95:TR,
    author = {Roy Friedman and Robbert Renesse},
    title = {Renesse. Packing messages as a tool for boosting the performance of total ordering protocols},
    institution = {Department of Computer Science, Cornell University},
    year = {1995}
}

@article{MR98:SRDS,
	author = {A. Most&#233;faoui M. Hurfi and M. Raynal},
	title = {Consensus in Asynchronous Systems Where Processes Can Crash and Recover},
	journal ={Reliable Distributed Systems, IEEE Symposium on},
	volume = {0},
	issn = {1060-9857},
	year = {1998},
	pages = {280},
	doi = {http://doi.ieeecomputersociety.org/10.1109/RELDIS.1998.740510},
	publisher = {IEEE Computer Society},
	address = {Los Alamitos, CA, USA}
}


@INPROCEEDINGS{PPSP10:DSN,
	author={Parisa Jalili Marandi and Primi, Marco and Schiper, Nicolas and Pedone, Fernando},
	journal={Dependable Systems and Networks (DSN), 2010 IEEE/IFIP International Conference on}, title={Ring Paxos: A high-throughput atomic broadcast protocol},
	year={2010},
	month={jun.},
	volume={},
	number={},
	pages={527 -536},
	keywords={},
	doi={10.1109/DSN.2010.5544272},
	ISSN={}
}

@article{GLPQ10:ACMTCS,
 author = {Guerraoui, Rachid and Levy, Ron R. and Pochon, Bastian and Qu\'{e}ma, Vivien},
 title = {Throughput optimal total order broadcast for cluster environments},
 journal = {ACM Trans. Comput. Syst.},
 volume = {28},
 number = {2},
 year = {2010},
 issn = {0734-2071},
 pages = {1--32},
 doi = {http://doi.acm.org/10.1145/1813654.1813656},
 publisher = {ACM},
 address = {New York, NY, USA},
 }

@INPROCEEDINGS{FH06:SRDS,
	author={Friedman, R. and Hadad, E.},
	journal={Reliable Distributed Systems, 2006. SRDS '06. 25th IEEE Symposium on}, title={Adaptive 	Batching for Replicated Servers},
	year={2006},
	month={oct.},
	volume={},
	number={},
	pages={311 -320},
	keywords={adaptive batching;performance evaluation;replicated servers;network servers;performance evaluation;},
	doi={10.1109/SRDS.2006.8},
	ISSN={1060-9857}
}

@inproceedings{CGHNNSV04:SAC,
 author = {Carmeli, B. and Gershinsky, G. and Harpaz, A. and Naaman, N. and Nelken, H. and Satran, J. and Vortman, P.},
 title = {High throughput reliable message dissemination},
 booktitle = {SAC '04: Proceedings of the 2004 ACM symposium on Applied computing},
 year = {2004},
 isbn = {1-58113-812-1},
 pages = {322--327},
 location = {Nicosia, Cyprus},
 doi = {http://doi.acm.org/10.1145/967900.967971},
 publisher = {ACM},
 address = {New York, NY, USA},
 }
 
 
 @article{RBM96:CACM,
  author = {van Renesse, Robbert and Birman, Kenneth P. and Maffeis, Silvano},
  title = {Horus: a flexible group communication system},
  journal = {Commun. ACM},
  volume = {39},
  number = {4},
  year = {1996},
  issn = {0001-0782},
  pages = {76--83},
  doi = {http://doi.acm.org/10.1145/227210.227229},
  publisher = {ACM},
  address = {New York, NY, USA},
  }
 
 @INPROCEEDINGS{GGJSW91:SIGOPS_OS,
	author = {Barbara Liskov and Sanjay Ghemawat and Robert Gruber and Paul Johnson and Liuba Shrira and Michael Williams},
	title = {Replication in the Harp File System},
	journal = {SIGOPS Oper. Syst. Rev.},
	volume = {25},
	number = {5},
	year = {1991},
	pages = {226--238}
}

@inproceedings{OL88:PODC,
 author = {Oki, Brian M. and Liskov, Barbara H.},
 title = {Viewstamped Replication: A New Primary Copy Method to Support Highly-Available Distributed Systems},
 booktitle = {PODC '88: Proceedings of the seventh annual ACM Symposium on Principles of distributed computing},
 year = {1988},
 isbn = {0-89791-277-2},
 pages = {8--17},
 location = {Toronto, Ontario, Canada},
 doi = {http://doi.acm.org/10.1145/62546.62549},
 publisher = {ACM},
 address = {New York, NY, USA},
 }


@INPROCEEDINGS{ML08:PRDC,
author={Martin, C. and Larrea, M.},
journal={Dependable Computing, 2008. PRDC '08. 14th IEEE Pacific Rim International Symposium on}, title={Eventual Leader Election in the Crash-Recovery Failure Model},
year={2008},
month={dec.},
volume={},
number={},
pages={208 -215},
keywords={Omega;communication reliability;crash-recovery failure model;eventual leader election;particular failure detector;process failures;distributed processing;system recovery;},
doi={10.1109/PRDC.2008.10},
ISSN={},}


@INPROCEEDINGS{BHSS10:srds,
   address     = {Lausanne},
   affiliation = {EPFL},
   author      = {Borran, Fatemeh and Hutle, Martin and Santos, Nuno and Schiper, Andr�},
   journal	   = {Proceedings of 19th IEEE Symposium on Reliable Distributed Systems},
	year={2010},
	month={November},
   title       = {Swift {A}lgorithms for {R}epeated {C}onsensus},
}
